@article{brett2009managing,
  title={Managing multicultural teams},
  author={Brett, Jeanne and Behfar, Kristin and Kern, Mary C},
  journal={The Essential Guide to Leadership},
  volume={85},
  year={2009}
}

@book{steers2013management,
  title={Management across cultures: Developing global competencies},
  author={Steers, Richard M and Nardon, Luciara and Sanchez-Runde, Carlos J},
  year={2016},
  publisher={Cambridge University Press}
}

@article{vinaja2003major,
  title={Major challenges in multi-cultural virtual teams},
  author={Vinaja, Robert},
  journal={Proceedings: Southwest Case Research Association},
  volume={78541},
  number={956},
  pages={341--346},
  year={2003}
}

@article{steckermeier2019better,
  title={Better for everyone? Egalitarian culture and social wellbeing in Europe},
  author={Steckermeier, Leonie C and Delhey, Jan},
  journal={Social Indicators Research},
  volume={143},
  number={3},
  pages={1075--1108},
  year={2019},
  publisher={Springer}
}

@article{trefry2006double,
  title={A double-edged sword: organizational culture in multicultural organizations},
  author={Trefry, Mary G},
  year={2006}
}

@misc{Cutajar2020,
	title = {Pros \& {Cons} of {Team} {Leadership} {Styles}},
	url = {https://bizfluent.com/info-8117744-pros-cons-team-leadership-styles.html},
	abstract = {In 2005, leadership expert John Maxwell identified influence as the true measure of leadership. The role of a leader is, ultimately, to influence team members to accomplish a given task while fostering team cohesion and motivation. In 1939, social scientist Kurt Lewin applied his theories to organizational development ...},
	language = {en},
	urldate = {2020-03-23},
	author={Cutajar, Maureen},
	journal = {Bizfluent}
}

@misc{peirce2013stanford,
  title={Stanford encyclopedia of philosophy},
  author={Peirce, Charles Sander},
  year={2013},
  publisher={Stanford, CA: Stanford University}
}